<?xml version="1.0" encoding="utf-8"?>
<record xmlns="http://www.loc.gov/MARC21/slim" xmlns:xsi="http://www.w3.org/2001/XMLSchema-instance" xsi:schemaLocation="http://www.loc.gov/MARC21/slim http://www.loc.gov/standards/marcxml/schema/MARC21slim.xsd">
	<leader>     nam a22     Mi 4500</leader>
	<controlfield tag="001">2785809</controlfield>
	<controlfield tag="003">NjP</controlfield>
	<controlfield tag="006">m        d        </controlfield>
	<controlfield tag="007">cr cn |||m|||a</controlfield>
	<controlfield tag="008">210407s1957    ir c    o     000 0 ara d</controlfield>
	<datafield ind1=" " ind2=" " tag="040">
		<subfield code="a">ZYU</subfield>
		<subfield code="b">ara</subfield>
		<subfield code="e">rda</subfield>
		<subfield code="c">ZYU</subfield>
	</datafield>
	<datafield ind1="1" ind2=" " tag="100">
		<subfield code="6">880-01</subfield>
		<subfield code="a">Anṣārī, Murtaḍá ibn Muḥammad Amīn,</subfield>
		<subfield code="d">1799 or 1800-1864.</subfield>
	</datafield>
	<datafield ind1="1" ind2="0" tag="245">
		<subfield code="6">880-02</subfield>
		<subfield code="a">Rasāʼil ... maʻrūf ba-Farāʼid, bā taṣḥīḥ-i Husayn Khādimi ... /</subfield>
		<subfield code="c">va Hāshiyeh-yi Rizā Hamadānī [va taʻlīqāt-i Muḥammad Kāẓim al-Tūsī va Muḥammad ʻAlī al-Fatḥī al-Dizfūlī].</subfield>
	</datafield>
	<datafield ind1="1" ind2="4" tag="246">
		<subfield code="6">880-03</subfield>
		<subfield code="a">Farāʼid al-uṣūl</subfield>
	</datafield>
	<datafield ind1=" " ind2=" " tag="260">
		<subfield code="6">880-04</subfield>
		<subfield code="a">Tehrān :</subfield>
		<subfield code="b">Maktabat-i Jaʻfari al-Tabrīzī,</subfield>
		<subfield code="c">[1377 [1957]]</subfield>
	</datafield>
	<datafield ind1=" " ind2=" " tag="300">
		<subfield code="a">online resource (2 volumes in 1.) :</subfield>
		<subfield code="b">portrait</subfield>
	</datafield>
	<datafield ind1=" " ind2=" " tag="336">
		<subfield code="a">text</subfield>
		<subfield code="2">rdacontent</subfield>
	</datafield>
	<datafield ind1=" " ind2=" " tag="337">
		<subfield code="a">computer</subfield>
		<subfield code="2">rdamedia</subfield>
	</datafield>
	<datafield ind1=" " ind2=" " tag="338">
		<subfield code="a">online resource</subfield>
		<subfield code="2">rdacarrier</subfield>
	</datafield>
	<datafield ind1=" " ind2=" " tag="500">
		<subfield code="a">Part of the Arabic Collections Online (ACO) project, contributed by Princeton University Libraries.</subfield>
	</datafield>
	<datafield ind1=" " ind2=" " tag="533">
		<subfield code="a">Electronic reproduction.</subfield>
		<subfield code="b">New York, N.Y. :</subfield>
		<subfield code="c">New York University,</subfield>
		<subfield code="d">2021.</subfield>
		<subfield code="5">NNU</subfield>
	</datafield>
	<datafield ind1=" " ind2=" " tag="546">
		<subfield code="a">In Arabic.</subfield>
	</datafield>
	<datafield ind1=" " ind2="0" tag="650">
		<subfield code="a">Islamic law.</subfield>
	</datafield>
	<datafield ind1=" " ind2="0" tag="650">
		<subfield code="a">Shiites.</subfield>
	</datafield>
	<datafield ind1=" " ind2="7" tag="650">
		<subfield code="a">Islamic law.</subfield>
		<subfield code="2">fast</subfield>
		<subfield code="0">(OCoLC)fst00979949</subfield>
	</datafield>
	<datafield ind1=" " ind2="7" tag="650">
		<subfield code="a">Shiites.</subfield>
		<subfield code="2">fast</subfield>
		<subfield code="0">(OCoLC)fst01115976</subfield>
	</datafield>
	<datafield ind1="1" ind2=" " tag="700">
		<subfield code="6">880-05</subfield>
		<subfield code="a">Hamadhānī, Muḥammad Riḍā ibn Muḥammad Hādī,</subfield>
		<subfield code="d">-1904 or 1905.</subfield>
	</datafield>
	<datafield ind1="1" ind2=" " tag="700">
		<subfield code="6">880-06</subfield>
		<subfield code="a">Mudarris Fatḥī Dizfūlī, Muḥammad ʻAlī,</subfield>
		<subfield code="d">1854 or 1855-1940.</subfield>
	</datafield>
	<datafield ind1="1" ind2=" " tag="700">
		<subfield code="6">880-07</subfield>
		<subfield code="a">Shīrāzī, Muḥammad Kāẓim,</subfield>
		<subfield code="d">1875 or 1876-1947 or 1948.</subfield>
	</datafield>
	<datafield ind1="2" ind2=" " tag="710">
		<subfield code="a">Princeton University.</subfield>
		<subfield code="b">Library.</subfield>
	</datafield>
	<datafield ind1="0" ind2=" " tag="730">
		<subfield code="a">Arabic Collections Online.</subfield>
	</datafield>
	<datafield ind1="0" ind2="8" tag="776">
		<subfield code="i">Print version:</subfield>
		<subfield code="a">Anṣārī, Murtaḍá ibn Muḥammad Amīn, 1799 or 1800-1864.</subfield>
		<subfield code="t">Rasāʼil ... maʻrūf ba-Farāʼid, bā taṣḥīḥ-i Husayn Khādimi</subfield>
		<subfield code="w">(NjP)2785809</subfield>
		<subfield code="w">(OCoLC)42812631</subfield>
	</datafield>
	<datafield ind1="4" ind2="0" tag="856">
		<subfield code="u">http://hdl.handle.net/2333.1/xgxd2gjf</subfield>
	</datafield>
	<datafield ind1="1" ind2=" " tag="880">
		<subfield code="6">100-01</subfield>
		<subfield code="a">انصاري، مرتضى بن محمد امين،</subfield>
		<subfield code="d">1799 or 1800-1864.</subfield>
	</datafield>
	<datafield ind1="1" ind2="0" tag="880">
		<subfield code="6">245-02</subfield>
		<subfield code="a">رسائل ... معروف بفرائد، با تصحىح حسىن خادم ... /</subfield>
		<subfield code="c">و هاشىهى رزا همدانى [و تعلىقات محمد کاظم التوسى و محمد على الفتحى الدزفولى].</subfield>
	</datafield>
	<datafield ind1="1" ind2="4" tag="880">
		<subfield code="6">246-03</subfield>
		<subfield code="a">فرائد الأصول</subfield>
	</datafield>
	<datafield ind1=" " ind2=" " tag="880">
		<subfield code="6">260-04</subfield>
		<subfield code="a">تهران :</subfield>
		<subfield code="b">مکتبت جعفر التبرىزى،</subfield>
		<subfield code="c">[1377 [1957]]</subfield>
	</datafield>
	<datafield ind1="1" ind2=" " tag="880">
		<subfield code="6">700-05</subfield>
		<subfield code="a">همذانى، محمد رضا بن محمد هادى،</subfield>
		<subfield code="d">-1904 or 1905.</subfield>
	</datafield>
	<datafield ind1="1" ind2=" " tag="880">
		<subfield code="6">700-06</subfield>
		<subfield code="a">مدرس فتحى دزفولى، محمد على،</subfield>
		<subfield code="d">1854 or 1855-1940.</subfield>
	</datafield>
	<datafield ind1="1" ind2=" " tag="880">
		<subfield code="6">700-07</subfield>
		<subfield code="a">شىرازى، محمد کاظم،</subfield>
		<subfield code="d">1875 or 1876-1947 or 1948.</subfield>
	</datafield>
	<datafield ind1=" " ind2=" " tag="959">
		<subfield code="a">NNU</subfield>
		<subfield code="b">WEB</subfield>
		<subfield code="c">GENI</subfield>
		<subfield code="t">0</subfield>
		<subfield code="m">Electronic access</subfield>
		<subfield code="s">01</subfield>
	</datafield>
	<datafield ind1=" " ind2=" " tag="999">
		<subfield code="i">NjP_2785809</subfield>
		<subfield code="o">(OCoLC)ocm42812631</subfield>
		<subfield code="s">princeton_aco004910</subfield>
		<subfield code="e">(ERROR-MISC)</subfield>
		<subfield code="s">princeton_aco004910</subfield>
	</datafield>
</record>
